% This file was created with JabRef 2.10.
% Encoding: Cp1252


@Article{Egenhofer1995,
  Title                    = {Modelling conceptual neighbourhoods of topological line-region relations},
  Author                   = {Egenhofer, Max J and Mark, David M},
  Journal                  = {International journal of geographical information systems},
  Year                     = {1995},
  Number                   = {5},
  Pages                    = {555--565},
  Volume                   = {9},

  Publisher                = {Taylor \& Francis}
}

@InProceedings{Mark1994,
  Title                    = {Modeling Spatial Relations Between Lines and Regions: Combining Formal Mathematical Models and Human Subjects Testing},
  Author                   = {David M. Mark and Max J. Egenhofer},
  Booktitle                = {Cartography and Geographical Information Systems},
  Year                     = {1994},
  Pages                    = {195--212}
}

